<record><leader>00000cas a22000007a 4500</leader><controlfield tag="001">27687960</controlfield><controlfield tag="008">930308d18661906mauwr ne      0    0eng d</controlfield><datafield ind1=" " ind2=" " tag="010"><subfield code="a">sn 93062859 </subfield></datafield><datafield ind1=" " ind2=" " tag="040"><subfield code="a">YOX</subfield><subfield code="b">eng</subfield><subfield code="c">YOX</subfield><subfield code="d">MGN</subfield><subfield code="d">CNK</subfield><subfield code="d">DLC</subfield><subfield code="d">OCLCQ</subfield><subfield code="d">GUA</subfield><subfield code="d">KRTAS</subfield><subfield code="d">DLC</subfield><subfield code="d">OCLCF</subfield><subfield code="d">OCLCO</subfield></datafield><datafield ind1=" " ind2=" " tag="042"><subfield code="a">msc</subfield></datafield><datafield ind1=" " ind2=" " tag="043"><subfield code="a">n-us-ma</subfield></datafield><datafield ind1="0" ind2="0" tag="050"><subfield code="a">Newspaper</subfield></datafield><datafield ind1="0" ind2="0" tag="245"><subfield code="a">Massachusetts ploughman and New England journal of agriculture.</subfield></datafield><datafield ind1="1" ind2="7" tag="246"><subfield code="a">Massachusetts ploughman</subfield></datafield><datafield ind1="1" ind2="3" tag="246"><subfield code="a">New England journal of agriculture</subfield></datafield><datafield ind1=" " ind2=" " tag="260"><subfield code="a">Boston [Mass.] :</subfield><subfield code="b">George Noyes.</subfield></datafield><datafield ind1=" " ind2=" " tag="300"><subfield code="a">v.</subfield></datafield><datafield ind1=" " ind2=" " tag="310"><subfield code="a">Weekly</subfield></datafield><datafield ind1="0" ind2=" " tag="362"><subfield code="a">Vol. 26, no. 10 (Dec. 8, 1866)-v. 65, no. 46 (Nov. 17, 1906) = whole no. 1310-whole no. 3381.</subfield></datafield><datafield ind1=" " ind2=" " tag="500"><subfield code="a">Proprietors: George Noyes, &lt;1867-Aug. 25, 1883&gt;; Linus Darling, &lt;Oct. 9, 1897&gt;.</subfield></datafield><datafield ind1=" " ind2=" " tag="500"><subfield code="a">Editor: George Noyes, &lt;1867-1883&gt;.</subfield></datafield><datafield ind1=" " ind2=" " tag="550"><subfield code="a">"Official organ of the New England Agricultural Society."</subfield></datafield><datafield ind1=" " ind2="0" tag="650"><subfield code="a">Agriculture</subfield><subfield code="z">New England</subfield><subfield code="v">Newspapers.</subfield></datafield><datafield ind1=" " ind2="0" tag="651"><subfield code="a">Boston (Mass.)</subfield><subfield code="v">Newspapers.</subfield></datafield><datafield ind1=" " ind2="7" tag="655"><subfield code="a">Newspapers.</subfield><subfield code="2">fast</subfield><subfield code="0">(OCoLC)fst01423814</subfield></datafield><datafield ind1=" " ind2="7" tag="650"><subfield code="a">Agriculture.</subfield><subfield code="2">fast</subfield><subfield code="0">(OCoLC)fst00801355</subfield></datafield><datafield ind1=" " ind2="7" tag="651"><subfield code="a">Massachusetts</subfield><subfield code="z">Boston.</subfield><subfield code="2">fast</subfield><subfield code="0">(OCoLC)fst01205012</subfield></datafield><datafield ind1=" " ind2="7" tag="651"><subfield code="a">New England.</subfield><subfield code="2">fast</subfield><subfield code="0">(OCoLC)fst01241913</subfield></datafield><datafield ind1="1" ind2=" " tag="700"><subfield code="a">Noyes, George.</subfield></datafield><datafield ind1="2" ind2=" " tag="710"><subfield code="a">New England Agricultural Society.</subfield></datafield><datafield ind1=" " ind2=" " tag="752"><subfield code="a">United States</subfield><subfield code="b">Massachusetts</subfield><subfield code="c">Suffolk</subfield><subfield code="d">Boston.</subfield></datafield><datafield ind1="0" ind2="8" tag="776"><subfield code="i">Online version :</subfield><subfield code="t">Massachusetts ploughman and New England journal of agriculture (Online)</subfield><subfield code="w">(DLC)  2008266938</subfield><subfield code="w">(OCoLC)70150489</subfield></datafield><datafield ind1="0" ind2="0" tag="780"><subfield code="t">Massachusetts ploughman</subfield><subfield code="w">(DLC)sn 87078299</subfield><subfield code="w">(OCoLC)15534580</subfield></datafield><datafield ind1="0" ind2="4" tag="785"><subfield code="t">American cultivator</subfield><subfield code="w">(DLC)sn 91057084</subfield><subfield code="w">(OCoLC)9219789</subfield></datafield><datafield ind1="4" ind2="1" tag="856"><subfield code="u">http://proquest.umi.com/pqdweb</subfield></datafield><datafield ind1=" " ind2=" " tag="938"><subfield code="a">Kirtas Technologies, Inc.</subfield><subfield code="b">KRTS</subfield><subfield code="n">740580</subfield></datafield></record>